<?xml version="1.0" encoding="UTF-8"?><record xmlns="http://www.loc.gov/MARC21/slim" xmlns:cinclude="http://apache.org/cocoon/include/1.0" xmlns:zs="http://www.loc.gov/zing/srw/">
  <leader>00655nz  a2200145n  4500</leader>
  <controlfield tag="001">no 97041949 </controlfield>
  <controlfield tag="003">DLC</controlfield>
  <controlfield tag="005">19970715052526.5</controlfield>
  <controlfield tag="008">970714n| acannaab|          |n ana     c</controlfield>
  <datafield tag="010" ind1=" " ind2=" ">
    <subfield code="a">no 97041949 </subfield>
  </datafield>
  <datafield tag="035" ind1=" " ind2=" ">
    <subfield code="a">(OCoLC)oca04385220 </subfield>
  </datafield>
  <datafield tag="040" ind1=" " ind2=" ">
    <subfield code="a">DGPO</subfield>
    <subfield code="c">DGPO</subfield>
  </datafield>
  <datafield tag="110" ind1="2" ind2="0">
    <subfield code="a">National Action Plan on Breast Cancer (Organization : U.S.).</subfield>
    <subfield code="b">Information Action Council</subfield>
  </datafield>
  <datafield tag="670" ind1=" " ind2=" ">
    <subfield code="a">The Information Action Council, 1997, surrogate:</subfield>
    <subfield code="b">t.p. (National Action Plan on Breast Cancer; Information Action Council) p. 1 (NAPBC's Information Action Council)</subfield>
  </datafield>
  <datafield tag="670" ind1=" " ind2=" ">
    <subfield code="a">National Action Plan on Breast Cancer home page, 6/17/97</subfield>
    <subfield code="b">at structure (org. chart: Information Action Council)</subfield>
  </datafield>
</record>